%%%%%%%%%%%%%%%%%%%%%%%%%%%%
% Books
%%%%%%%%%%%%%%%%%%%%%%%%%%%%
@book{Wiener1963,
  author = {Norbert Wiener},
  title = {Kybernetika a společnost},
  publisher = {Nakl. Čsl. akad. věd},
  address = {Praha},
  year = {1963},
  edition = {Vyd. 1},
  isbn = {21-030-63},
}

@book{Pour2015,
  author = {Jan Pour},
  title = {Podniková informatika},
  subtitle = {Počítačové aplikace v podnikové a mezipodnikové praxi - 3., aktualizované vydání},
  publisher = {Grada},
  year = {2015},
  edition = {1. elektronické vydání},
  isbn = {978-80-247-9918-6},
  url = {https://www.bookport.cz/kniha/podnikova-informatika-2475/},
}

@book{Basl2012,
  author = {Josef Basl},
  title = {Podnikové informační systémy},
  subtitle = {Podnik v informační společnosti - 3., aktualizované a doplněné vydání},
  publisher = {Grada},
  year = {2012},
  edition = {1. elektronické vydání},
  isbn = {978-80-247-7594-4},
  url = {https://www.bookport.cz/kniha/podnikove-informacni-systemy-746/},
}

@book{Vymetal2009,
  author = {Dominik Vymětal},
  title = {Informační systémy v podnicích},
  subtitle = {teorie a praxe projektování},
  publisher = {Grada},
  year = {2009},
  edition = {1. elektronické vydání},
  isbn = {978-80-247-6280-7},
  url = {https://www.bookport.cz/kniha/informacni-systemy-v-podnicich-1724/},
}

@book{Tvrdikova2008,
  author = {Milena Tvrdíková},
  title = {Aplikace moderních informačních technologií v řízení firmy},
  subtitle = {Nástroje ke zvyšování kvality informačních systémů},
  publisher = {Grada},
  year = {2008},
  edition = {1. elektronické vydání},
  isbn = {978-80-247-6298-2},
  url = {https://www.bookport.cz/kniha/aplikace-modernich-informacnich-technologii-v-rizeni-firmy-1491/},
}

@book{Bruckner2012,
  author = {Tomáš Bruckner},
  title = {Tvorba informačních systémů},
  subtitle = {Principy, metodiky, architektury},
  publisher = {Grada},
  year = {2012},
  edition = {1. elektronické vydání},
  isbn = {978-80-247-7902-7},
  url = {https://www.bookport.cz/kniha/tvorba-informacnich-systemu-740/},
}
%%%%%%%%%%%%%%%%%%%%%%%%%%%%
% Articles
%%%%%%%%%%%%%%%%%%%%%%%%%%%%
@article{PCMagCRM2022,
  author = {Gadjo Sevilla},
  title = {The Best CRM Software for 2022},
  journal = {PCMag},
  howpublished = {online},
  year = {2022},
  month = {4},
  url = {https://www.pcmag.com/picks/the-best-crm-software},
  urldate = {2022-05-02},
}

@article{TechRadarCRM2022,
  author = {Ioana Andrei},
  title = {Best CRM software for 2022},
  journal = {TechRadar},
  howpublished = {online},
  year = {2022},
  month = {4},
  url = {https://www.pcmag.com/picks/the-best-crm-software},
  urldate = {2022-05-02},
}

@article{PCMagSalesforceReview,
  author = {Molly McLaughlin and Gadjo Sevilla},
  title = {Salesforce Sales Cloud Lightning Professional Review},
  journal = {PCMag},
  howpublished = {online},
  year = {2020},
  month = {3},
  url = {https://www.pcmag.com/reviews/salesforce-sales-cloud-lightning-professional},
  urldate = {2022-05-02},
}

@article{SalesforceCRMmarketShare,
  author = {{Salesforce}},
  title = {Salesforce Ranked 1 in CRM Market Share for Eighth Consecutive Year},
  howpublished = {online},
  year = {2021},
  month = {12},
  url = {https://www.salesforce.com/news/stories/salesforce-ranked-1-in-crm-market-share-for-eighth-consecutive-year/},
  urldate = {2022-05-02},
}

@article{SalesforceCustomObjectLimit,
  author = {{Salesforce}},
  title = {Increase the Custom Object Limit},
  howpublished = {online},
  year = {2022},
  month = {2},
  url = {https://help.salesforce.com/s/articleView?id=000334022&type=1},
  urldate = {2022-05-02},
}

@article{RedHatIaasPaasSaas,
  author = {{Red Hat, Inc.}},
  title = {IaaS vs PaaS vs SaaS},
  howpublished = {online},
  year = {2020},
  month = {4},
  url = {https://www.redhat.com/en/topics/cloud-computing/iaas-vs-paas-vs-saas},
  urldate = {2022-05-02}
}
%%%%%%%%%%%%%%%%%%%%%%%%%%%%
% Misc - websites, etc.
%%%%%%%%%%%%%%%%%%%%%%%%%%%%
@misc{SalesforceEditions,
  author = {{Salesforce}},
  howpublished = {online},
  title = {Salesforce Editions},
  url = {https://help.salesforce.com/s/articleView?id=sf.overview_edition.htm&type=5},
  urldate = {2022-05-02},
}

@misc{SalesforceEditionFeaturesAndAllocations,
  author = {{Salesforce}},
  howpublished = {online},
  title = {Salesforce Features and Edition Allocations},
  url = {https://help.salesforce.com/s/articleView?id=sf.overview_limits_general.htm&type=5},
  urldate = {2022-05-02},
}

@misc{SalesforceDeveloperEditionMSA,
  author = {{Salesforce}},
  howpublished = {online},
  title = {Main Services Agreement — Developer Services},
  url = {https://www.salesforce.com/content/dam/web/en_us/www/documents/legal/salesforce_Developer_MSA.pdf},
  urldate = {2022-05-02},
}

@misc{SalesforcePricing,
  author = {{Salesforce}},
  howpublished = {online},
  title = {Salesforce Product Pricing},
  url = {https://www.salesforce.com/eu/editions-pricing/overview/},
  urldate = {2022-05-02},
}


@misc{SalesforceHistory,
  author = {{Salesforce}},
  howpublished = {online},
  title = {The History of Salesforce},
  url = {https://www.salesforce.com/news/stories/the-history-of-salesforce/},
  urldate = {2022-05-02},
}


@misc{SalesforcePricingSalesCloud,
  author = {{Salesforce}},
  howpublished = {online},
  title = {Sales Cloud Pricing},
  url = {https://www.salesforce.com/eu/editions-pricing/sales-cloud/},
  urldate = {2022-05-02},
}

@misc{SalesforceDevSignup,
  author = {{Salesforce}},
  howpublished = {online},
  title = {Developer Edition Signup},
  url = {https://developer.salesforce.com/signup},
  urldate = {2022-05-02},
}

@misc{SalesforceInboundScheduling,
  author = {{Salesforce}},
  howpublished = {online},
  title = {Get Started with Inbound Scheduling},
  url = {https://trailhead.salesforce.com/en/content/learn/modules/multi-resource-concurrent-and-inbound-scheduling-with-lightning-scheduler/get-started-with-inbound-scheduling},
  urldate = {2022-05-06},
}

@misc{web4uDomeny,
  author = {{Web4u s.r.o.}},
  howpublished = {online},
  title = {Ceník registrací domén},
  url = {https://www.web4u.cz/cs/domeny},
  urldate = {2022-05-06},
}

@misc{web4uHosting,
  author = {{Web4u s.r.o.}},
  howpublished = {online},
  title = {Webhosting tarify},
  url = {https://www.web4u.cz/cs/webhosting},
  urldate = {2022-05-06},
}

@misc{wedosInternet,
  author = {{WEDOS Internet, a. s}},
  howpublished = {online},
  url = {https://www.wedos.cz/},
  urldate = {2022-05-06},
}

@misc{ReservaticPricing,
  author = {{Reservatic s.r.o.}},
  howpublished = {online},
  url = {https://reservatic.com/cs/price-list},
  urldate = {2022-05-06},
}

@misc{AutoservisGarantPneuservis,
  author = {{Autoservis Garant s.r.o.}},
  howpublished = {online},
  url = {https://www.autoservis-garant.cz/services/pneuservis/},
  urldate = {2022-05-06},
}

@misc{AutoKarlinPneuservis,
  author = {{AUTO KARLÍN s.r.o.}},
  howpublished = {online},
  url = {https://www.autokarlin.cz/index.php/nase-sluzby/pneuservis},
  urldate = {2022-05-06},
}
@misc{AMBservisPneuservis,
  author = {{AMB servis s.r.o.}},
  howpublished = {online},
  url = {https://ambservis.cz/pneuservis/},
  urldate = {2022-05-06},
}